<?xml version="1.0" encoding="UTF-8"?><collection xmlns="http://www.loc.gov/MARC21/slim"><record><leader>00393nam--2200133-i-4500</leader><controlfield tag="001">000026891</controlfield><controlfield tag="002">20161230</controlfield><controlfield tag="005">20161230201036</controlfield><controlfield tag="008">060222s1000------------r-----000-0-eng-d</controlfield><datafield ind1=" " ind2=" " tag="100"><subfield code="a">Kohl, J., Zenter R.D., Lukens, H.R</subfield></datafield><datafield ind1=" " ind2=" " tag="245"><subfield code="a">Radioisotope applications engineeering</subfield></datafield><datafield ind1=" " ind2=" " tag="260"><subfield code="a">London, D.Van Nostrand Co.,Inc.,1961. Xiv +562p</subfield></datafield><datafield ind1=" " ind2=" " tag="490"><subfield code="a">Van Nostrand Nuclear Science Series</subfield></datafield><datafield ind1=" " ind2=" " tag="852"><subfield code="a">17144</subfield></datafield></record></collection>